%%%%%%%%%%%%%%%%
% portal.acm.com

@article{Davis:1960:CPQ:321033.321034,
 author = {Davis, Martin and Putnam, Hilary},
 title = {A Computing Procedure for Quantification Theory},
 journal = {J. ACM},
 volume = {7},
 issue = {3},
 month = {July},
 year = {1960},
 issn = {0004-5411},
 pages = {201--215},
 numpages = {15},
 url = {http://doi.acm.org/10.1145/321033.321034},
 doi = {http://doi.acm.org/10.1145/321033.321034},
 acmid = {321034},
 publisher = {ACM},
 address = {New York, NY, USA},
} 

@inproceedings{Heule:2010:CEP:1928380.1928406,
 author = {Heule, Marijn and J\"{a}rvisalo, Matti and Biere, Armin},
 title = {Clause elimination procedures for CNF formulas},
 booktitle = {Proceedings of the 17th international conference on Logic for programming, artificial intelligence, and reasoning},
 series = {LPAR'10},
 year = {2010},
 isbn = {3-642-16241-X, 978-3-642-16241-1},
 location = {Yogyakarta, Indonesia},
 pages = {357--371},
 numpages = {15},
 url = {http://portal.acm.org/citation.cfm?id=1928380.1928406},
 acmid = {1928406},
 publisher = {Springer-Verlag},
 address = {Berlin, Heidelberg},
} 

@article{Tarjan:1975:EGB:321879.321884,
 author = {Tarjan, Robert Endre},
 title = {Efficiency of a Good But Not Linear Set Union Algorithm},
 journal = {J. ACM},
 volume = {22},
 issue = {2},
 month = {April},
 year = {1975},
 issn = {0004-5411},
 pages = {215--225},
 numpages = {11},
 url = {http://doi.acm.org/10.1145/321879.321884},
 doi = {http://doi.acm.org/10.1145/321879.321884},
 acmid = {321884},
 publisher = {ACM},
 address = {New York, NY, USA},
} 

@article{Kullmann:1999:NMD:312269.312271,
  author = {Kullmann, O.},
  title = {New methods for 3-SAT decision and worst-case analysis},
  journal = {Theor. Comput. Sci.},
  volume = {223},
  issue = {1-2},
  month = {July},
  year = {1999},
  issn = {0304-3975},
  pages = {1--72},
  numpages = {72},
  url = {http://dx.doi.org/10.1016/S0304-3975(98)00017-6},
  doi = {http://dx.doi.org/10.1016/S0304-3975(98)00017-6},
  acmid = {312271},
  publisher = {Elsevier Science Publishers Ltd.},
  address = {Essex, UK},
  keywords = {3-SAT, analysis of algorithms, blocked clauses,
    extended resolution, generalized Autarkness, worst-case
      upper bounds},
} 

%%%%%%%%%%%%%%%%%%%%%%%
% citeseerx.ist.psu.edu

@MISC{Roy_restoringcircuit,
 author = {Jarrod A. Roy and Igor L. Markov},
 title = {Restoring Circuit Structure from SAT Instances},
 year = {}
}

@MISC{Jarvisalo_blockedclause,
 author = {Matti JÃ¤rvisalo and Armin Biere and Marijn Heule},
 title = {Blocked Clause Elimination},
 year = {}
}

%%%%%%%
% Other

@mastersthesis{mine:march,
 author = {M.J.H. Heule},
 title = {Towards a lookahead Sat solver for general purposes},
 school = {Delft University of Technology},
 year = {2004}
}
