@article{Jarvisalo:2009:LRB:1553323.1553343,
  author = {J\"{a}rvisalo, Matti and Junttila, Tommi},
  title = {Limitations of restricted branching in clause learning},
  journal = {Constraints},
  volume = {14},
  issue = {3},
  month = {September},
  year = {2009},
  issn = {1383-7133},
  pages = {325--356},
  numpages = {32},
  url = {http://portal.acm.org/citation.cfm?id=1553323.1553343},
  doi = {10.1007/s10601-008-9062-z},
  acmid = {1553343},
  publisher = {Kluwer Academic Publishers},
  address = {Hingham, MA, USA},
  keywords = {Backdoor sets, Branching heuristics, Clause learning, DPLL, Problem structure, Proof complexity, Propositional satisfiability},
} 
